<?xml version="1.0" encoding="UTF-8"?><collection xmlns="http://www.loc.gov/MARC21/slim"><record><leader>00531nam--2200145-i-4500</leader><controlfield tag="001">000019456</controlfield><controlfield tag="002">20161230</controlfield><controlfield tag="005">20161230201033</controlfield><controlfield tag="008">060222s1000------------r-----000-0-eng-d</controlfield><datafield ind1=" " ind2=" " tag="080"><subfield code="a">539.143.44(0471)539.2(0471)</subfield></datafield><datafield ind1=" " ind2=" " tag="100"><subfield code="a">Fechner, Joachim Bernd And Saitovich, Henrique</subfield></datafield><datafield ind1=" " ind2=" " tag="245"><subfield code="a">Study of the electric quadropole interaction (e.q.i.) in (pbo 925 - bao 075)zro3 by perturbed angular correlations</subfield></datafield><datafield ind1=" " ind2=" " tag="260"><subfield code="a">Rio De Janeiro, Centro Brasiliero De Pesquisas Fisicas, 1973. /339-358/ P</subfield></datafield><datafield ind1=" " ind2=" " tag="490"><subfield code="a">Notas De Fisica</subfield></datafield><datafield ind1=" " ind2=" " tag="852"><subfield code="a">13930</subfield></datafield></record></collection>